
% 1
@article{article1 ,
	author = {Ido Amihai and Ralf Gitzel and Arzam Muzaffar Kotriwala and Diego Pareschi and Subanataranjan Subbiah},
	title = {An Industrial Case Study Using Vibration Data and Machine Learning to Predict Asset Health},
	journal = {IEEE 20th Conference on Business Informatics (CBI)},
	volume = {},
	year = {2018},
	number = {},
	pages = {}
}

% 2
@article{article2 ,
	author = {Bin Zhang and Shaohui Zhang and Weihua Li},
	title = {Bearing performance degradation assessment using long short-term memory recurrent network},
	journal = {Computers in Industry},
	volume = {106},
	year = {2019},
	number = {},
	pages = {14-29}
}

% 3
@article{article3 ,
	author = {Jinhao Lei and Chao Liu and Dongxiang Jiang},
	title = {Fault diagnosis of wind turbine based on Long Short-term memory networks},
	journal = {Renewable Energy},
	volume = {133},
	year = {2019},
	number = {},
	pages = {422-432}
}

% 4
@article{article4 ,
	author = {Tristan Plante and Ashkan Nejadpak and Cai Xia Yang},
	title = {Faults detection and failures prediction using vibration analysis},
	journal = {IEEE AUTOTESTCON},
	volume = {},
	year = {2015},
	number = {},
	pages = {},
}

% 5
@article{article5 ,
	author = {Gustavo Scalabrini Sampaio and Arnaldo Vallim Filho and Leilton Santos da Silva and Leandro Silva},
	title = {Prediction of Motor Failure Time Using An Artificial Neural Network},
	journal = {Sensors},
	volume = {19},
	year = {2019},
	number = {4342},
	pages = {},
}

% 6
@article{article6 ,
	author = {Jie Hu and  Tengfei Huang and  Jiaopeng Zhou and Jiawei Zeng},
	title = {Electronic Systems Diagnosis Fault in Gasoline Engines Based on Multi-Information Fusion},
	journal = {Sensors},
	volume = {18},
	year = {2018},
	number = {2917},
	pages = {},
}

% 7
@article{article7 ,
	author = {Manuel Arias Chao and Chetan Kulkarni and Kai Goebel and Olga Fink},
	title = {Aircraft Engine Run-to-Failure Dataset under Real Flight Conditions for Prognostics and Diagnostics},
	journal = {Data},
	volume = {6},
	year = {2021},
	number = {5},
	pages = {},
}

% 8
@article{article8 ,
	author = {Qiyao Wang and Shuai Zheng and Ahmed Farahat and Susumu Serita and Chetan Gupta},
	title = {Remaining Useful Life Estimation Using Functional Data Analysis},
	journal = {IEEE International Conference on Prognostics and Health Management (ICPHM)},
	volume = {},
	year = {2019},
	number = {},
	pages = {},
}

% 9
@article{article9 ,
	author = {Hong Yang and Aidan LaBella and Travis Desell},
	title = {Predictive Maintenance for General Aviation Using Convolutional Transformers},
	journal = {Proceedings of the AAAI Conference on Artificial Intelligence},
	volume = {36},
	year = {2022},
	number = {11},
	pages = {},
}

% 10
@article{article10 ,
	author = {Isaak Kavasidis and Efthimios Lallas and Vassilis C. Gerogiannis and Theodosia Charitou and Anthony Karageorgos},
	title = {Predictive maintenance in pharmaceutical manufacturing lines using deep transformers},
	journal = {Procedia Computer Science},
	volume = {220},
	year = {2023},
	number = {},
	pages = {576-583},
}

% 11
@article{article11 ,
	author = {Yang Zhao and Wenbo Wang},
	title = {TranDRL: A Transformer-Driven Deep Reinforcement Learning Enabled Prescriptive Maintenance Framework},
	journal = {arXiv},
	volume = {1},
	year = {2023},
	number = {},
	pages = {},
}

% 12
@article{article12 ,
	author = {Xin yu Tang and zengbing xu and Zhigang Wang},
	title = {A Novel Fault Diagnosis Method of Rolling Bearing Based on Integrated Vision Transformer Model},
	journal = {Sensors},
	volume = {22},
	year = {2022},
	number = {3878},
	pages = {},
}

% 13
@article{article13 ,
	author = {Yuhong Jin and Lei Hou and Yushu Chen},
	title = {A Time Series Transformer based method for the rotating machinery fault diagnosis},
	journal = {Neurocomputing},
	volume = {494},
	year = {2022},
	number = {},
	pages = {379-395},
}

% 14
@article{article14 ,
	author = {Xianjun Du and Liangliang Jia and Izaz Ul Haq},
	title = {Fault diagnosis based on SPBO-SDAE and transformer neural network for rotating machinery},
	journal = {Measurement},
	volume = {188},
	year = {2022},
	number = {110545},
	pages = {},
}

% 15
@article{article15 ,
	author = {Xinglong Pei and Xiaoyang Zheng and Jinliang Wu},
	title = {Rotating Machinery Fault Diagnosis Through a Transformer Convolution Network Subjected to Transfer Learning},
	journal = {IEEE Transactions on Instrumentation and Measurement},
	volume = {70},
	year = {2021},
	number = {},
	pages = {},
}

% 16
@article{article16 ,
	author = {Wenbin Song and Yiming He and Xinyu Li and Liang Gao and Weiming Shen},
	title = {A Shape-constrained Transfer Temporal Transformer Network for remaining useful life prediction of rotating machines},
	journal = {Measurement},
	volume = {224},
	year = {2024},
	number = {113857},
	pages = {},
}

% 17
@article{article17 ,
	author = {Yaguo Lei and Bin Yang and Xinwei Jiang and Feng Jia and Naipeng Li and Asoke K. Nandi},
	title = {Applications of machine learning to machine fault diagnosis: A review and roadmap},
	journal = {Mechanical Systems and Signal Processing},
	volume = {138},
	year = {2020},
	number = {106587},
	pages = {},
}

% 18
@article{article18 ,
	author = {Zhiwei Gao and Carlo Cecati and Steven X. Ding},
	title = {A Survey of Fault Diagnosis and Fault-Tolerant Techniques—Part I: Fault Diagnosis With Model-Based and Signal-Based Approaches},
	journal = {IEEE Transactions on Industrial Electronics},
	volume = {62},
	year = {2015},
	number = {},
	pages = {3757-3767},
}

% 19
@article{article19 ,
	author = {S. Nandi and H.A. Toliyat and X. Li},
	title = {Condition Monitoring and Fault Diagnosis of Electrical Motors—A Review},
	journal = {IEEE Transactions on Energy Conversion},
	volume = {20},
	year = {2005},
	number = {},
	pages = {719-729},
}

% 20
@article{article20 ,
	author = {Shaohua Qiu and Xiaopeng Cui and Zuowei Ping and Nanliang Shan and Zhong Li and Xianqiang Bao and Xinghua Xu},
	title = {Deep Learning Techniques in Intelligent Fault Diagnosis and Prognosis for Industrial Systems: A Review},
	journal = {Sensor},
	volume = {23},
	year = {2023},
	number = {1305},
	pages = {},
}

% 21
@article{article21 ,
	author = {Min Huang and Zhen Liu and Yang Tao},
	title = {Mechanical fault diagnosis and prediction in IoT based on multi-source sensing data fusion},
	journal = {Simulation Modelling Practice and Theory},
	volume = {102},
	year = {2020},
	number = {1019815},
	pages = {},
}

% 22
@article{article22 ,
	author = {Xiaolu Wang and Aohan Li and Guangjie Han},
	title = {A Deep-Learning-Based Fault Diagnosis Method of Industrial Bearings Using Multi-Source Information},
	journal = {Simulation Modelling Practice and Theory},
	volume = {13},
	year = {2023},
	number = {933},
	pages = {},
}

% 23
@article{article23 ,
	author = {G. Betta and C. Liguori and A. Paolillo and A. Pietrosanto},
	title = {A DSP-based FFT-analyzer for the fault diagnosis of rotating machine based on vibration analysis},
	journal = {IEEE Transactions on Instrumentation and Measurement},
	volume = {51},
	year = {2002},
	number = {},
	pages = {1316-1322},
}

% 24
@article{article24 ,
	author = {Sulaiman A. Aburakhia and Ryan Myers and Abdallah Shami},
	title = {A Hybrid Method for Condition Monitoring and Fault Diagnosis of Rolling Bearings With Low System Delay},
	journal = {IEEE Transactions on Instrumentation and Measurement},
	volume = {71},
	year = {2022},
	number = {3519913},
	pages = {},
}

% 25
@article{article25 ,
	author = {Pin Lyu and Pai Zheng and Wenbing Yu and Chao Liu and Min Xia},
	title = {A Novel Multiview Sampling-Based Meta Self-Paced Learning Approach for Class-Imbalanced Intelligent Fault Diagnosis},
	journal = {IEEE Transactions on Instrumentation and Measurement},
	volume = {71},
	year = {2022},
	number = {3527512},
	pages = {},
}

% 26
@article{article26 ,
	author = {Jaouher Ben Ali and Nader Fnaiech and Lotfi Saidi and Brigitte Chebel-Morello and Farhat Fnaiech},
	title = {Application of empirical mode decomposition and artificial neural network for automatic bearing fault diagnosis based on vibration signals},
	journal = {Applied Acoustics},
	volume = {89},
	year = {2015},
	number = {},
	pages = {16-27},
}

% 27
@article{article27 ,
	author = {Ran Zhang and Zhen Peng and Lifeng Wu and Beibei Yao and Yong Guan},
	title = {Fault Diagnosis from Raw Sensor Data Using Deep Neural Networks Considering Temporal Coherence},
	journal = {Sensors},
	volume = {17},
	year = {2017},
	number = {549},
	pages = {},
}

% 28
@article{article28 ,
	author = {Chengming Shi and George Panoutsos and Bo Luo and Hongqi Liu and Bin Li and Xu Lin},
	title = {Using Multiple-Feature-Spaces-Based Deep Learning for Tool Condition Monitoring in Ultraprecision Manufacturing},
	journal = {IEEE Transactions on Industrial Electronics},
	volume = {66},
	year = {2019},
	number = {},
	pages = {3794-3803},
}

% 29
@article{article29 ,
	author = {Amin Khorram and Mohammad Khalooei and Mansoor Rezghi},
	title = {End-to-end CNN + LSTM deep learning approach for bearing fault diagnosis},
	journal = {Applied Intelligence},
	volume = {},
	year = {2020},
	number = {},
	pages = {},
}

% 30
@article{article30 ,
	author = {Sheng Guo and Tao Yang and Wei Gao and Chen Zhang and Yanping Zhang},
	title = {An Intelligent Fault Diagnosis Method for Bearings with Variable Rotating Speed Based on Pythagorean Spatial Pyramid Pooling CNN},
	journal = {Sensors},
	volume = {18},
	year = {2018},
	number = {3857},
	pages = {},
}

% 31
@article{article31 ,
	author = {Hosameldin O. A. Ahmed and Asoke K Nandi},
	title = {Connected Components-based Colour Image Representations of Vibrations for a Two-stage Fault Diagnosis of Roller Bearings Using Convolutional Neural Networks},
	journal = {Chinese Journal of Mechanical Engineering},
	volume = {37},
	year = {2021},
	number = {},
	pages = {},
}

% 32
@article{article32 ,
	author = {Yao Tang and Xiaofei Zhang and Sheng Huang and Guojun Qin and Yunze He and Yinpeng Qu and Jinping Xie and Junhong Zhou and Zhuo Long},
	title = {Multisensor-Driven Motor Fault Diagnosis Method Based on Visual Features},
	journal = {IEEE Transactions on Industrial Informatics},
	volume = {19},
	year = {2023},
	number = {},
	pages = {5902-5914},
}

% 33
@article{article33 ,
	author = {Van Tuan Do and Ui-Pil Chong},
	title = {Signal model-based fault detection and diagnosis for induction motors using features of vibration signal in two-dimension domain},
	journal = {Strojniški vestnik},
	volume = {},
	year = {2011},
	number = {},
	pages = {},
}

% 34
@article{article34 ,
	author = {Muhammad Amar and Iqbal Gondal and Campbell Wilson},
	title = {Vibration Spectrum Imaging: A Novel Bearing Fault Classification Approach},
	journal = {IEEE Transactions on Industrial Electronics},
	volume = {62},
	year = {2015},
	number = {},
	pages = {494-502},
}

% 35
@article{article35 ,
	author = {Mingxuan Xia and Zehui Mao and Rui Zhang and Bin Jiang and Muheng Wei},
	title = {A New Compound Fault Diagnosis Method for Gearbox Based on Convolutional Neural Network},
	journal = {2020 IEEE 9th Data Driven Control and Learning Systems Conference (DDCLS)},
	volume = {},
	year = {2020},
	number = {},
	pages = {},
}

% 36
@article{article36 ,
	author = {Md Junayed Hasan and Jong-Myon Kim},
	title = {Bearing Fault Diagnosis under Variable Rotational Speeds Using Stockwell Transform-Based Vibration Imaging and Transfer Learning},
	journal = {Applied Sciences},
	volume = {8},
	year = {2018},
	number = {2357},
	pages = {},
}

% 37
@article{article37 ,
	author = {Ansi Zhang and Honglei Wang and LI Shaobo and Yuxin Cui and Zhonghao Liu and Guanci Yang and Jianjun Hu},
	title = {Transfer Learning with Deep Recurrent Neural Networks for Remaining Useful Life Estimation},
	journal = {Applied Sciences},
	volume = {8},
	year = {2018},
	number = {2416},
	pages = {},
}

% 38
@article{article38 ,
	author = {Quan Qian and Yi Qin and Jun Luo and Yi Wang and Fei Wu},
	title = {Deep discriminative transfer learning network for cross-machine fault diagnosis},
	journal = {Mechanical Systems and Signal Processing},
	volume = {186},
	year = {2023},
	number = {109884},
	pages = {},
}

% 39
@article{article39 ,
	author = {Jun Wu and Kui Hu and Yiwei Cheng and Haiping Zhu and Xinyu Shao and Yuanhang Wang},
	title = {Data-driven remaining useful life prediction via multiple sensor signals and deep long short-term memory neural network},
	journal = {ISA Transactions},
	volume = {97},
	year = {2020},
	number = {},
	pages = {241-250},
}

% 40
@article{article40 ,
	author = {Shuai Zheng and Ahmed Farahat and Chetan Gupta},
	title = {Generative Adversarial Networks for Failure Prediction},
	journal = {Machine Learning and Knowledge Discovery in Databases},
	volume = {11908},
	year = {2020},
	number = {},
	pages = {621-637},
}

% 41
@article{article41 ,
	author = {Hao Lu and Vahid Barzegar and Venkat Pavan Nemani and Chao Hu and Simon Laflamme and Andrew Todd Zimmerman},
	title = {Joint Training of a Predictor Network and a Generative Adversarial Network for Time Series Forecasting: A Case Study of Bearing Prognostics},
	journal = {Expert Systems with Applications},
	volume = {203},
	year = {2022},
	number = {117415},
	pages = {},
}

% 42
@article{article42 ,
	author = {Ikram Remadna and Labib Sadek Terrissa and Zeina Al Masry and Noureddine Zerhouni},
	title = {RUL Prediction Using a Fusion of Attention-Based Convolutional Variational AutoEncoder and Ensemble Learning Classifier},
	journal = {IEEE Transactions on Reliability},
	volume = {72},
	year = {2023},
	number = {117415},
	pages = {106-124},
}

% 43
@article{article43 ,
	author = {Biao Li and Baoping Tang and Lei Deng and Minghang Zhao},
	title = {Self-Attention ConvLSTM and Its Application in RUL Prediction of Rolling Bearings},
	journal = {IEEE Transactions on Instrumentation and Measurement},
	volume = {70},
	year = {2021},
	number = {},
	pages = {},
}

% 44
@article{article44 ,
	author = {Hao Lu and Vahid Barzegar and Venkat P. Nemani and Chao Hu and Simon Laflamme and Andrew T. Zimmerman},
	title = {GAN-LSTM Predictor for Failure Prognostics of
	Rolling Element Bearings},
	journal = {2021 IEEE International Conference on Prognostics and Health Management (ICPHM)},
	volume = {},
	year = {2021},
	number = {},
	pages = {},
}

% 45
@article{article45 ,
	author = {Yu Mo and Qianhui Wu and Xiu Li and Biqing Huang},
	title = {Remaining useful life estimation via transformer encoder enhanced by a gated convolutional unit},
	journal = {Journal of Intelligent Manufacturing},
	volume = {32},
	year = {2021},
	number = {},
	pages = {1997–2006},
}

% 46
@article{article46 ,
	author = {Yaguo Lei and Naipeng Li and Liang Guo and Ningbo Li and Tao Yan and Jing Lin},
	title = {Machinery health prognostics: A systematic review from data acquisition to RUL prediction},
	journal = {Mechanical Systems and Signal Processing},
	volume = {104},
	year = {2018},
	number = {},
	pages = {799-834},
}











